
<record>
  <controlfield tag="001">652686</controlfield>
  <datafield tag="024" ind1="7" ind2=" ">
    <subfield code="a">10.1016/j.physletb.2004.08.059</subfield>
    <subfield code="2">DOI</subfield>
  </datafield>
  <datafield tag="035" ind1=" " ind2=" ">
    <subfield code="a">oai:arXiv.org:hep-ex/0406052</subfield>
    <subfield code="z">oai:arXiv.org:hep-ex/0406052</subfield>
    <subfield code="9">arXiv</subfield>
  </datafield>
  <datafield tag="035" ind1=" " ind2=" ">
    <subfield code="z">D04-12921</subfield>
    <subfield code="9">DESY</subfield>
  </datafield>
  <datafield tag="035" ind1=" " ind2=" ">
    <subfield code="a">Airapetian:2004sy</subfield>
    <subfield code="9">SPIRESTeX</subfield>
  </datafield>
  <datafield tag="035" ind1=" " ind2=" ">
    <subfield code="9">ADS</subfield>
    <subfield code="a">2004PhLB..599..212H</subfield>
  </datafield>
  <datafield tag="037" ind1=" " ind2=" ">
    <subfield code="a">hep-ex/0406052</subfield>
    <subfield code="9">arXiv</subfield>
    <subfield code="c">hep-ex</subfield>
  </datafield>
  <datafield tag="037" ind1=" " ind2=" ">
    <subfield code="a">DESY-04-097</subfield>
  </datafield>
  <datafield tag="245" ind1=" " ind2=" ">
    <subfield code="a">Hard exclusive electroproduction of pi+ pi- pairs</subfield>
  </datafield>
  <datafield tag="710" ind1=" " ind2=" ">
    <subfield code="g">HERMES</subfield>
  </datafield>
</record>

</collection>